[gd_scene load_steps=19 format=2]

[ext_resource path="res://entity/chimaera/part/LowerPart.tscn" type="PackedScene" id=1]
[ext_resource path="res://entity/chimaera/Aquatic.tscn" type="PackedScene" id=2]
[ext_resource path="res://entity/chimaera/part/octopus/NoJump.gd" type="Script" id=3]
[ext_resource path="res://assets/sprites/polvo_andar_com_coisa2.png" type="Texture" id=4]
[ext_resource path="res://assets/sprites/polvo_andar_com_coisa.png" type="Texture" id=5]
[ext_resource path="res://assets/sprites/polvo.png" type="Texture" id=6]
[ext_resource path="res://assets/sprites/polvo_pegar1.png" type="Texture" id=7]
[ext_resource path="res://assets/sprites/polvo_nadar.png" type="Texture" id=8]
[ext_resource path="res://assets/sprites/polvo_andar.png" type="Texture" id=9]
[ext_resource path="res://assets/sprites/polvo_pegar2.png" type="Texture" id=10]
[ext_resource path="res://entity/chimaera/part/octopus/AnimationPlayer.gd" type="Script" id=11]
[ext_resource path="res://entity/chimaera/PickupArea.tscn" type="PackedScene" id=12]

[sub_resource type="SpriteFrames" id=1]
animations = [ {
"frames": [ ExtResource( 6 ), ExtResource( 9 ), ExtResource( 4 ), ExtResource( 5 ), ExtResource( 8 ), ExtResource( 7 ), ExtResource( 10 ) ],
"loop": true,
"name": "default",
"speed": 5.0
} ]

[sub_resource type="Animation" id=6]
length = 0.001
tracks/0/type = "value"
tracks/0/path = NodePath("UpperPartOffset:position")
tracks/0/interp = 1
tracks/0/loop_wrap = true
tracks/0/imported = false
tracks/0/enabled = true
tracks/0/keys = {
"times": PoolRealArray( 0 ),
"transitions": PoolRealArray( 1 ),
"update": 0,
"values": [ Vector2( 3, -18 ) ]
}

[sub_resource type="Animation" id=3]
resource_name = "carrying"
length = 0.4
loop = true
tracks/0/type = "value"
tracks/0/path = NodePath("AnimatedSprite:frame")
tracks/0/interp = 1
tracks/0/loop_wrap = true
tracks/0/imported = false
tracks/0/enabled = true
tracks/0/keys = {
"times": PoolRealArray( 0, 0.2 ),
"transitions": PoolRealArray( 1, 1 ),
"update": 1,
"values": [ 2, 3 ]
}
tracks/1/type = "value"
tracks/1/path = NodePath("AnimatedSprite:position")
tracks/1/interp = 1
tracks/1/loop_wrap = true
tracks/1/imported = false
tracks/1/enabled = true
tracks/1/keys = {
"times": PoolRealArray( 0 ),
"transitions": PoolRealArray( 1 ),
"update": 1,
"values": [ Vector2( 3.5, 0 ) ]
}
tracks/2/type = "value"
tracks/2/path = NodePath("UpperPartOffset:position")
tracks/2/interp = 1
tracks/2/loop_wrap = true
tracks/2/imported = false
tracks/2/enabled = true
tracks/2/keys = {
"times": PoolRealArray( 0, 0.2 ),
"transitions": PoolRealArray( 1, 1 ),
"update": 1,
"values": [ Vector2( 3, -18 ), Vector2( 4, -18.5 ) ]
}
tracks/3/type = "value"
tracks/3/path = NodePath("PickupArea/PickupSocket:position")
tracks/3/interp = 1
tracks/3/loop_wrap = true
tracks/3/imported = false
tracks/3/enabled = true
tracks/3/keys = {
"times": PoolRealArray( 0, 0.2 ),
"transitions": PoolRealArray( 1, 1 ),
"update": 1,
"values": [ Vector2( 32, -21 ), Vector2( 33, -20 ) ]
}

[sub_resource type="Animation" id=5]
resource_name = "grab"
length = 0.4
tracks/0/type = "value"
tracks/0/path = NodePath("AnimatedSprite:frame")
tracks/0/interp = 1
tracks/0/loop_wrap = true
tracks/0/imported = false
tracks/0/enabled = true
tracks/0/keys = {
"times": PoolRealArray( 0, 0.1, 0.2, 0.3 ),
"transitions": PoolRealArray( 1, 1, 1, 1 ),
"update": 1,
"values": [ 2, 5, 6, 3 ]
}
tracks/1/type = "value"
tracks/1/path = NodePath("AnimatedSprite:position")
tracks/1/interp = 1
tracks/1/loop_wrap = true
tracks/1/imported = false
tracks/1/enabled = true
tracks/1/keys = {
"times": PoolRealArray( 0, 0.1, 0.2, 0.3 ),
"transitions": PoolRealArray( 1, 1, 1, 1 ),
"update": 1,
"values": [ Vector2( 3.5, 0 ), Vector2( 7.5, 0 ), Vector2( 5, 0 ), Vector2( 3.5, 0 ) ]
}
tracks/2/type = "value"
tracks/2/path = NodePath("UpperPartOffset:position")
tracks/2/interp = 1
tracks/2/loop_wrap = true
tracks/2/imported = false
tracks/2/enabled = true
tracks/2/keys = {
"times": PoolRealArray( 0, 0.1 ),
"transitions": PoolRealArray( 1, 1 ),
"update": 0,
"values": [ Vector2( 3, -18 ), Vector2( 4, -18.5 ) ]
}
tracks/3/type = "value"
tracks/3/path = NodePath("PickupArea/PickupSocket:position")
tracks/3/interp = 1
tracks/3/loop_wrap = true
tracks/3/imported = false
tracks/3/enabled = true
tracks/3/keys = {
"times": PoolRealArray( 0.1, 0.2, 0.3 ),
"transitions": PoolRealArray( 1, 1, 1 ),
"update": 0,
"values": [ Vector2( 43, -1 ), Vector2( 37, -13 ), Vector2( 34, -20 ) ]
}

[sub_resource type="Animation" id=2]
resource_name = "idle"
length = 0.4
loop = true
tracks/0/type = "value"
tracks/0/path = NodePath("AnimatedSprite:frame")
tracks/0/interp = 1
tracks/0/loop_wrap = true
tracks/0/imported = false
tracks/0/enabled = true
tracks/0/keys = {
"times": PoolRealArray( 0, 0.2 ),
"transitions": PoolRealArray( 1, 1 ),
"update": 1,
"values": [ 0, 1 ]
}
tracks/1/type = "value"
tracks/1/path = NodePath("AnimatedSprite:position")
tracks/1/interp = 1
tracks/1/loop_wrap = true
tracks/1/imported = false
tracks/1/enabled = true
tracks/1/keys = {
"times": PoolRealArray( 0 ),
"transitions": PoolRealArray( 1 ),
"update": 1,
"values": [ Vector2( 0, 0 ) ]
}
tracks/2/type = "value"
tracks/2/path = NodePath("UpperPartOffset:position")
tracks/2/interp = 1
tracks/2/loop_wrap = true
tracks/2/imported = false
tracks/2/enabled = true
tracks/2/keys = {
"times": PoolRealArray( 0, 0.2 ),
"transitions": PoolRealArray( 1, 1 ),
"update": 1,
"values": [ Vector2( 3, -18 ), Vector2( 3.5, -18.5 ) ]
}

[sub_resource type="Animation" id=4]
resource_name = "swim"
length = 0.2
tracks/0/type = "value"
tracks/0/path = NodePath("AnimatedSprite:frame")
tracks/0/interp = 1
tracks/0/loop_wrap = true
tracks/0/imported = false
tracks/0/enabled = true
tracks/0/keys = {
"times": PoolRealArray( 0 ),
"transitions": PoolRealArray( 1 ),
"update": 1,
"values": [ 4 ]
}
tracks/1/type = "value"
tracks/1/path = NodePath("AnimatedSprite:position")
tracks/1/interp = 1
tracks/1/loop_wrap = true
tracks/1/imported = false
tracks/1/enabled = true
tracks/1/keys = {
"times": PoolRealArray( 0 ),
"transitions": PoolRealArray( 1 ),
"update": 0,
"values": [ Vector2( 0, 0 ) ]
}
tracks/2/type = "value"
tracks/2/path = NodePath("UpperPartOffset:position")
tracks/2/interp = 1
tracks/2/loop_wrap = true
tracks/2/imported = false
tracks/2/enabled = true
tracks/2/keys = {
"times": PoolRealArray( 0 ),
"transitions": PoolRealArray( 1 ),
"update": 0,
"values": [ Vector2( 11.5, -25.5 ) ]
}

[node name="OctopusTentacles" instance=ExtResource( 1 )]

[node name="AnimatedSprite" type="AnimatedSprite" parent="." index="0"]
position = Vector2( 3.5, 0 )
frames = SubResource( 1 )
frame = 2
offset = Vector2( 0, -12.5 )

[node name="AnimationPlayer" type="AnimationPlayer" parent="." index="1"]
autoplay = "idle"
anims/RESET = SubResource( 6 )
anims/carrying = SubResource( 3 )
anims/grab = SubResource( 5 )
anims/idle = SubResource( 2 )
anims/swim = SubResource( 4 )
script = ExtResource( 11 )

[node name="UpperPartOffset" parent="." index="2"]
position = Vector2( 3, -18 )

[node name="Aquatic" parent="." index="3" instance=ExtResource( 2 )]

[node name="NoJump" type="Node2D" parent="." index="4"]
script = ExtResource( 3 )

[node name="PickupArea" parent="." index="5" instance=ExtResource( 12 )]
is_upper_body = false

[node name="Hitbox" parent="PickupArea" index="0"]
position = Vector2( 36, -4 )

[node name="PickupSocket" parent="PickupArea" index="1"]
position = Vector2( 32, -21 )

[editable path="PickupArea"]
